<?xml version="1.0" encoding="UTF-8"?><collection xmlns="http://www.loc.gov/MARC21/slim"><record><leader>00614nam--2200193-u-4500</leader><controlfield tag="001">000053706</controlfield><controlfield tag="002">20161230</controlfield><controlfield tag="005">20161230201051</controlfield><controlfield tag="008">110531s1000------------r-----000-0-rus-d</controlfield><datafield ind1=" " ind2=" " tag="040"><subfield code="a">IFIN-HH</subfield></datafield><datafield ind1=" " ind2=" " tag="041"><subfield code="a">rus</subfield></datafield><datafield ind1=" " ind2=" " tag="080"><subfield code="a">536.7</subfield></datafield><datafield ind1="1" ind2=" " tag="100"><subfield code="a">Baehr, Hans Dieter</subfield></datafield><datafield ind1="1" ind2="0" tag="245"><subfield code="a">Tehniceskaia termodinamika</subfield><subfield code="b">Teoreticeskie osnovi i tehniceskie prilojenia</subfield><subfield code="c">Hans dieter baehr</subfield></datafield><datafield ind1=" " ind2=" " tag="260"><subfield code="a">Moskva</subfield><subfield code="b">Mir</subfield><subfield code="c">1977</subfield></datafield><datafield ind1=" " ind2=" " tag="300"><subfield code="a">518P</subfield></datafield><datafield ind1=" " ind2=" " tag="500"><subfield code="a">Ittlul Original In Limba Germana: Termodynamik; Eine Einfuhrung In Die Grundelangen Und Ihre Technischen Anwendungen</subfield></datafield><datafield ind1=" " ind2=" " tag="852"><subfield code="a">46042</subfield><subfield code="c">536.7</subfield></datafield><datafield ind1=" " ind2=" " tag="CAT"><subfield code="a">Sys</subfield><subfield code="c">20110531</subfield><subfield code="h">123939</subfield></datafield></record></collection>